@article{kent2020path,
  title={{The predictive approaches to treatment effect heterogeneity (PATH) statement}},
  author={Kent, David M and Paulus, Jessica K and Van Klaveren, David and D'Agostino, Ralph and Goodman, Steve and Hayward, Rodney and Ioannidis, John PA and Patrick-Lake, Bray and Morton, Sally and Pencina, Michael and others},
  journal={Annals of Internal Medicine},
  volume={172},
  number={1},
  pages={35--45},
  year={2020},
  publisher={American College of Physicians}
}

@article{rekkas2019,
  title={Predictive approaches to heterogeneous treatment effects: a systematic review},
  author={Rekkas, Alexandros and Paulus, Jessica K and Raman, Gowri and Wong, John B and Steyerberg, Ewout W and Rijnbeek, Peter R and Kent, David M and van Klaveren, David},
  journal={medRxiv preprint: medRxiv:19010827},
  year={2019}
}

@article{friedman2010,
  title={{Regularization paths for generalized linear models via coordinate descent}},
  author={Friedman, Jerome and Hastie, Trevor and Tibshirani, Rob},
  journal={Journal of Statistical Software},
  volume={33},
  number={1},
  pages={1},
  year={2010},
  publisher={NIH Public Access}
}

@article{chernozhukov2020generic,
      title={Generic Machine Learning Inference on Heterogenous Treatment Effects in Randomized Experiments}, 
      author={Victor Chernozhukov and Mert Demirer and Esther Duflo and Iván Fernández-Val},
      year={2020},
      journal={arXiv preprint: arXiv1712.04802}
}

@article{wasserman2009high,
  title={High-dimensional variable selection},
  author={Wasserman, Larry and Roeder, Kathryn},
  journal={Annals of Statistics},
  volume={37},
  number={5A},
  pages={2178--2201},
  year={2009},
  publisher={NIH Public Access}
}

@book{lehmann1986,
    title = {Testing Statistical Hypotheses},
    author = {Lehmann, Erich Leo and Romano, Joseph P},
    year = {1986},
    edition = {2nd},
    publisher = {Wadsworth \& Brooks/Cole},
    address = {Pacific Grove, California}
}

@article{cox1972,
  title={Regression models and life-tables},
  author={Cox, David R},
  journal={Journal of the Royal Statistical Society: Series B (Methodological)},
  volume={34},
  number={2},
  pages={187--202},
  year={1972},
  publisher={Wiley Online Library}
}

@book{cameron2005,
  title={Microeconometrics: methods and applications},
  author={Cameron, A Colin and Trivedi, Pravin K},
  year={2005},
  publisher={Cambridge University Press}
}

@article{zou2005,
    author = {Hui Zou and Trevor Hastie},
    title = {Regularization and variable selection via the Elastic Net},
    journal = {Journal of the Royal Statistical Society, Series B},
    year = {2005},
    volume = {67},
    pages = {301--320}
}

@article{simon2011,
   author = {Noah Simon and Jerome H. Friedman and Trevor Hastie and Rob Tibshirani},
   title = {{Regularization Paths for Cox's Proportional Hazards Model via Coordinate Descent}},
   journal = {Journal of Statistical Software},
   volume = {39},
   number = {5},
   year = {2011},
   issn = {1548-7660},
   pages = {1--13},
   doi = {10.18637/jss.v039.i05},
   url = {https://www.jstatsoft.org/v039/i05}
}

@article{breslow1975,
  title={Analysis of survival data under the proportional hazards model},
  author={Breslow, Norman E},
  journal={International Statistical Review},
  volume = {43},
  number = {1},
  pages={45--57},
  year={1975},
  publisher={JSTOR}
}

@article{efron1977,
  title={{The efficiency of Cox's likelihood function for censored data}},
  author={Efron, Bradley},
  journal={Journal of the American Statistical Association},
  volume={72},
  number={359},
  pages={557--565},
  year={1977},
  publisher={Taylor \& Francis}
}

@article{austin2016introduction,
  title={Introduction to the analysis of survival data in the presence of competing risks},
  author={Austin, Peter C and Lee, Douglas S and Fine, Jason P},
  journal={Circulation},
  volume={133},
  number={6},
  pages={601--609},
  year={2016},
  publisher={Am Heart Assoc}
}


@article{fine1999proportional,
  title={A proportional hazards model for the subdistribution of a competing risk},
  author={Fine, Jason P and Gray, Robert J},
  journal={Journal of the American Statistical Association},
  volume={94},
  number={446},
  pages={496--509},
  year={1999},
  publisher={Taylor \& Francis}
}

