@article{sackett1996,
  title={{Evidence-Based Medicine: What it is and What it isn't}},
  author={Sackett, David L and Rosenberg, William MC and Gray, JA Muir and Haynes, R Brian and Richardson, W Scott},
  year={1996},
  journal={The British Medical Journal},
  volume={312},
  number={7023},
  pages={71--72}
}

@article{groome2007,
	title = {{The IASLC Lung Cancer Staging Project: Validation of the Proposals for Revision of the T, N, and M Descriptors and Consequent Stage Groupings in the Forthcoming (Seventh) Edition of the TNM Classification of Malignant Tumours}},
	author = {Patti A. Groome and Vanessa Bolejack and John J. Crowley and Catherine Kennedy and Mark Krasnik and Leslie H. Sobin and Peter Goldstraw},
	year = {2007},
	journal={Journal of Thoracic Oncology},
	volume = {2},
	number = {8},
	pages = {694--705}
}

@article{nlst2011,
title = {{Reduced Lung-Cancer Mortality with Low-Dose Computed Tomographic Screening}},
author = {{The National Lung Screening Trial Research Team}},
year = {2011},
journal = {New England Journal of Medicine},
volume = {365},
number = {5},
pages = {395--409}
}

@article{blom2020,
title = {{Disparities in Receiving Guideline-Concordant Treatment for Lung Cancer in the United States}},
author = {Blom, EF and ten Haaf, K and Arenberg, DA and de Koning, HJ},
year = {2020},
journal = {Annals of the American Thoracic Society},
volume = {17},
number = {2},
pages = {186--194}
}

@book{lehmann1986,
    title = {{Testing Statistical Hypotheses}},
    author = {Lehmann, Erich Leo and Romano, Joseph P},
    year = {1986},
    edition = {2nd},
    publisher = {Wadsworth \& Brooks/Cole},
    address = {Pacific Grove, California}
}

@article{kent2020path,
  title={{The predictive approaches to treatment effect heterogeneity (PATH) statement}},
  author={Kent, David M and Paulus, Jessica K and Van Klaveren, David and D'Agostino, Ralph and Goodman, Steve and Hayward, Rodney and Ioannidis, John PA and Patrick-Lake, Bray and Morton, Sally and Pencina, Michael and others},
  journal={Annals of Internal Medicine},
  volume={172},
  number={1},
  pages={35--45},
  year={2020},
  publisher={American College of Physicians}
}

@article{zou2005,
    author = {Hui Zou and Trevor Hastie},
    title = {{Regularization and Variable Selection via the Elastic Net}},
    journal = {Journal of the Royal Statistical Society, Series B},
    year = {2005},
    volume = {67},
    pages = {301--320}
}

@article{bien2013,
author = {Jacob Bien and Jonathan Taylor and Robert Tibshirani},
title = {{A Lasso for Hierarchical Interactions}},
volume = {41},
journal = {Annals of Statistics},
number = {3},
publisher = {Institute of Mathematical Statistics},
pages = {1111 -- 1141},
keywords = {convexity, hierarchical sparsity, interactions, Lasso, regularized regression},
year = {2013},
doi = {10.1214/13-AOS1096},
URL = {https://doi.org/10.1214/13-AOS1096}
}

@article{chernozhukov2018double,
  title={{Double/Debiased Machine Learning for Treatment and Structural Parameters}},
  author={Chernozhukov, Victor and Chetverikov, Denis and Demirer, Mert and Duflo, Esther and Hansen, Christian and Newey, Whitney and Robins, James},
  year={2018},
  journal={The Econometrics Journal},
  volume = {21},
  number = {1},
  pages = {C1--C68},
  publisher={Oxford University Press Oxford, UK}
}

@article{fine1999proportional,
  title={A proportional hazards model for the subdistribution of a competing risk},
  author={Fine, Jason P and Gray, Robert J},
  journal={Journal of the American Statistical Association},
  volume={94},
  number={446},
  pages={496--509},
  year={1999},
  publisher={Taylor \& Francis}
}

@article{cox1972,
  title={Regression models and life-tables},
  author={Cox, David R},
  journal={Journal of the Royal Statistical Society: Series B (Methodological)},
  volume={34},
  number={2},
  pages={187--202},
  year={1972},
  publisher={Wiley Online Library}
}

@article{chernozhukov2020generic,
      title={Generic Machine Learning Inference on Heterogenous Treatment Effects in Randomized Experiments}, 
      author={Victor Chernozhukov and Mert Demirer and Esther Duflo and Iván Fernández-Val},
      year={2020},
      journal={arXiv preprint: arXiv1712.04802}
}

@article{athey2019grf,
    title = {{Generalized Random Forests}},
    author = {Athey, Susan and Tibshirani, Julie and Wager, Stefan},
    journal = {Annals of Statistics},
    volume = {47},
    number = {2},
    pages = {1148--1178},
    year = {2019}
}



@article{dezeure2015,
author = {Ruben Dezeure and Peter Bühlmann and Lukas Meier and Nicolai Meinshausen},
title = {{High-Dimensional Inference: Confidence Intervals, $p$-Values and R-Software hdi}},
volume = {30},
journal = {Statistical Science},
number = {4},
publisher = {Institute of Mathematical Statistics},
pages = {533--558},
keywords = {$p$-value, clustering, Confidence interval, generalized linear model, high-dimensional statistical inference, linear model, multiple testing, R-software},
year = {2015},
doi = {10.1214/15-STS527},
URL = {https://doi.org/10.1214/15-STS527}
}

@book{vandegeer2016estimation,
  title={{Estimation and Testing Under Sparsity}},
  author={Van de Geer, Sara},
  year={2016},
  publisher={Springer}
}

@article{guo2021,
author = {Xinzhou Guo and Xuming He},
title = {Inference on Selected Subgroups in Clinical Trials},
journal = {Journal of the American Statistical Association},
volume = {116},
number = {535},
pages = {1498--1506},
year  = {2021}
}


@article{lecue2020,
author = {Guillaume Lecué and Matthieu Lerasle},
title = {{Robust Machine Learning by Median-of-Means: Theory and Practice}},
volume = {48},
journal = {Annals of Statistics},
number = {2},
publisher = {Institute of Mathematical Statistics},
pages = {906--931},
keywords = {Empirical processes, High-dimensional statistics},
year = {2020},
doi = {10.1214/19-AOS1828},
URL = {https://doi.org/10.1214/19-AOS1828}
}
