@article{kent2020path,
  title={{The predictive approaches to treatment effect heterogeneity (PATH) statement}},
  author={Kent, David M and Paulus, Jessica K and Van Klaveren, David and D'Agostino, Ralph and Goodman, Steve and Hayward, Rodney and Ioannidis, John PA and Patrick-Lake, Bray and Morton, Sally and Pencina, Michael and others},
  journal={Annals of Internal Medicine},
  volume={172},
  number={1},
  pages={35--45},
  year={2020},
  publisher={American College of Physicians}
}

@article{rekkas2019,
  title={Predictive approaches to heterogeneous treatment effects: a systematic review},
  author={Rekkas, Alexandros and Paulus, Jessica K and Raman, Gowri and Wong, John B and Steyerberg, Ewout W and Rijnbeek, Peter R and Kent, David M and van Klaveren, David},
  journal={medRxiv preprint: medRxiv:19010827},
  year={2019}
}

@article{friedman2010,
  title={{Regularization paths for generalized linear models via coordinate descent}},
  author={Friedman, Jerome and Hastie, Trevor and Tibshirani, Rob},
  journal={Journal of Statistical Software},
  volume={33},
  number={1},
  pages={1},
  year={2010},
  publisher={NIH Public Access}
}

@article{chernozhukov2020generic,
      title={Generic Machine Learning Inference on Heterogenous Treatment Effects in Randomized Experiments}, 
      author={Victor Chernozhukov and Mert Demirer and Esther Duflo and Iván Fernández-Val},
      year={2020},
      journal={arXiv preprint: arXiv1712.04802}
}

@article{wasserman2009high,
  title={High-dimensional variable selection},
  author={Wasserman, Larry and Roeder, Kathryn},
  journal={Annals of Statistics},
  volume={37},
  number={5A},
  pages={2178--2201},
  year={2009},
  publisher={NIH Public Access}
}

@book{lehmann1986,
    title = {Testing Statistical Hypotheses},
    author = {Lehmann, Erich Leo},
    year = {1986},
    edition = {2nd},
    publisher = {Wadsworth \& Brooks/Cole},
    address = {Pacific Grove, California}
}

@article{athey2019grf,
    title = {{Generalized Random Forests}},
    author = {Athey, Susan and Tibshirani, Julie and Wager, Stefan},
    journal = {The Annals of Statistics},
    volume = {47},
    number = {2},
    pages = {1148--1178},
    year = {2019}
}

@article{athey2019grf-appl,
    title = {{Estimating Treatment Effects with Causal Forests: An Appli- cation}},
    author = {Athey, Susan and Wager, Stefan},
    journal = {Observational Studies},
    volume = {5},
    pages = {36--51},
    year = {2019}
}


@article{chernozhukov2018double,
  title={{Double/Debiased Machine Learning for Treatment and Structural Parameters}},
  author={Chernozhukov, Victor and Chetverikov, Denis and Demirer, Mert and Duflo, Esther and Hansen, Christian and Newey, Whitney and Robins, James},
  year={2018},
  journal={The Econometrics Journal},
  volume = {21},
  number = {1},
  pages = {C1--C68},
  publisher={Oxford University Press Oxford, UK}
}

@article{cui2021estimating,
      title={Estimating heterogeneous treatment effects with right-censored data via causal survival forests}, 
      author={Yifan Cui and Michael R. Kosorok and Erik Sverdrup and Stefan Wager and Ruoqing Zhu},
      year={2021},
      journal={arXiv preprint: arXiv2001.09887}
}
