@article{kent2020path,
  title={{The predictive approaches to treatment effect heterogeneity (PATH) statement}},
  author={Kent, David M and Paulus, Jessica K and Van Klaveren, David and D'Agostino, Ralph and Goodman, Steve and Hayward, Rodney and Ioannidis, John PA and Patrick-Lake, Bray and Morton, Sally and Pencina, Michael and others},
  journal={Annals of Internal Medicine},
  volume={172},
  number={1},
  pages={35--45},
  year={2020},
  publisher={American College of Physicians}
}

@article{rekkas2019,
  title={Predictive approaches to heterogeneous treatment effects: a systematic review},
  author={Rekkas, Alexandros and Paulus, Jessica K and Raman, Gowri and Wong, John B and Steyerberg, Ewout W and Rijnbeek, Peter R and Kent, David M and van Klaveren, David},
  journal={medRxiv preprint: medRxiv:19010827},
  year={2019}
}

@article{friedman2010,
  title={{Regularization paths for generalized linear models via coordinate descent}},
  author={Friedman, Jerome and Hastie, Trevor and Tibshirani, Rob},
  journal={Journal of Statistical Software},
  volume={33},
  number={1},
  pages={1},
  year={2010},
  publisher={NIH Public Access}
}

@article{chernozhukov2020generic,
      title={Generic Machine Learning Inference on Heterogenous Treatment Effects in Randomized Experiments}, 
      author={Victor Chernozhukov and Mert Demirer and Esther Duflo and Iván Fernández-Val},
      year={2020},
      journal={arXiv preprint: arXiv1712.04802}
}

@article{wasserman2009high,
  title={High-dimensional variable selection},
  author={Wasserman, Larry and Roeder, Kathryn},
  journal={Annals of Statistics},
  volume={37},
  number={5A},
  pages={2178--2201},
  year={2009},
  publisher={NIH Public Access}
}

@book{lehmann1986,
    title = {Testing Statistical Hypotheses},
    author = {Lehmann, Erich Leo and Romano, Joseph P},
    year = {1986},
    edition = {2nd},
    publisher = {Wadsworth \& Brooks/Cole},
    address = {Pacific Grove, California}
}

@article{fine1999proportional,
  title={A proportional hazards model for the subdistribution of a competing risk},
  author={Fine, Jason P and Gray, Robert J},
  journal={Journal of the American Statistical Association},
  volume={94},
  number={446},
  pages={496--509},
  year={1999},
  publisher={Taylor \& Francis}
}

@article{cox1972,
  title={Regression models and life-tables},
  author={Cox, David R},
  journal={Journal of the Royal Statistical Society: Series B (Methodological)},
  volume={34},
  number={2},
  pages={187--202},
  year={1972},
  publisher={Wiley Online Library}
}

@article{bien2013,
author = {Jacob Bien and Jonathan Taylor and Robert Tibshirani},
title = {{A lasso for hierarchical interactions}},
volume = {41},
journal = {The Annals of Statistics},
number = {3},
publisher = {Institute of Mathematical Statistics},
pages = {1111 -- 1141},
keywords = {convexity, hierarchical sparsity, interactions, Lasso, regularized regression},
year = {2013},
doi = {10.1214/13-AOS1096},
URL = {https://doi.org/10.1214/13-AOS1096}
}


@article{zou2005,
    author = {Hui Zou and Trevor Hastie},
    title = {Regularization and variable selection via the Elastic Net},
    journal = {Journal of the Royal Statistical Society, Series B},
    year = {2005},
    volume = {67},
    pages = {301--320}
}

@article{lecue2020,
author = {Guillaume Lecué and Matthieu Lerasle},
title = {{Robust machine learning by median-of-means: Theory and practice}},
volume = {48},
journal = {The Annals of Statistics},
number = {2},
publisher = {Institute of Mathematical Statistics},
pages = {906 -- 931},
keywords = {Empirical processes, High-dimensional statistics},
year = {2020},
doi = {10.1214/19-AOS1828},
URL = {https://doi.org/10.1214/19-AOS1828}
}

@article{du2021,
author = {Du, Yu and Chen, Huan and Varadhan, Ravi},
title = {Lasso estimation of hierarchical interactions for analyzing heterogeneity of treatment effect},
journal = {Statistics in Medicine},
year = {2021},
note = {In press},
keywords = {heterogeneity of treatment effect, hierarchical interaction, Lasso, treatment-covariate interaction},
doi = {https://doi.org/10.1002/sim.9132},
url = {https://onlinelibrary.wiley.com/doi/abs/10.1002/sim.9132}
}

@article{stensrud2020test,
  title={Why test for proportional hazards?},
  author={Stensrud, Mats J and Hern{\'a}n, Miguel A},
  journal={Journal of the American Medical Association},
  volume={323},
  number={14},
  pages={1401--1402},
  year={2020},
  publisher={American Medical Association}
}


@article{athey2019grf-appl,
    title = {{Estimating Treatment Effects with Causal Forests: An Appli- cation}},
    author = {Athey, Susan and Wager, Stefan},
    journal = {Observational Studies},
    volume = {5},
    pages = {36--51},
    year = {2019}
}


@article{chernozhukov2018double,
  title={{Double/Debiased Machine Learning for Treatment and Structural Parameters}},
  author={Chernozhukov, Victor and Chetverikov, Denis and Demirer, Mert and Duflo, Esther and Hansen, Christian and Newey, Whitney and Robins, James},
  year={2018},
  journal={The Econometrics Journal},
  volume = {21},
  number = {1},
  pages = {C1--C68},
  publisher={Oxford University Press Oxford, UK}
}

@article{cui2021estimating,
      title={Estimating heterogeneous treatment effects with right-censored data via causal survival forests}, 
      author={Yifan Cui and Michael R. Kosorok and Erik Sverdrup and Stefan Wager and Ruoqing Zhu},
      year={2021},
      journal={arXiv preprint: arXiv2001.09887}
}

@article{athey2019grf,
    title = {{Generalized Random Forests}},
    author = {Athey, Susan and Tibshirani, Julie and Wager, Stefan},
    journal = {The Annals of Statistics},
    volume = {47},
    number = {2},
    pages = {1148--1178},
    year = {2019}
}

@article{valdiviezo2015tree,
  title={Tree-based prediction on incomplete data using imputation or surrogate decisions},
  author={Valdiviezo, H Cevallos and Van Aelst, Stefan},
  journal={Information Sciences},
  volume={311},
  pages={163--181},
  year={2015},
  publisher={Elsevier}
}

@article{simon2011,
   author = {Noah Simon and Jerome H. Friedman and Trevor Hastie and Rob Tibshirani},
   title = {{Regularization Paths for Cox's Proportional Hazards Model via Coordinate Descent}},
   journal = {Journal of Statistical Software},
   volume = {39},
   number = {5},
   year = {2011},
   issn = {1548-7660},
   pages = {1--13},
   doi = {10.18637/jss.v039.i05},
   url = {https://www.jstatsoft.org/v039/i05}
}

@article{guo2021,
author = {Xinzhou Guo and Xuming He},
title = {Inference on Selected Subgroups in Clinical Trials},
journal = {Journal of the American Statistical Association},
volume = {116},
number = {535},
pages = {1498-1506},
year  = {2021},
publisher = {Taylor & Francis}
}

@article{knaus2021machine,
  title={Machine learning estimation of heterogeneous causal effects: Empirical monte carlo evidence},
  author={Knaus, Michael C and Lechner, Michael and Strittmatter, Anthony},
  journal={The Econometrics Journal},
  volume={24},
  number={1},
  pages={134--161},
  year={2021},
  publisher={Oxford University Press}
}

